<collection xmlns="http://www.loc.gov/MARC21/slim">
   <record>
      <leader>02718cam a2200517 i 4500</leader>
      <controlfield tag="001">6814069</controlfield>
      <controlfield tag="003">OCoLC</controlfield>
      <controlfield tag="005">20150723155942.0</controlfield>
      <controlfield tag="008">150516t20152015nyua   b      000 1 eng  </controlfield>
      <datafield ind1=" " ind2=" " tag="010">
         <subfield code="a">  2015011701</subfield>
      </datafield>
      <datafield ind1=" " ind2=" " tag="020">
         <subfield code="a">9780553524260 (hardback)</subfield>
      </datafield>
      <datafield ind1=" " ind2=" " tag="020">
         <subfield code="a">0553524267 (hardback)</subfield>
      </datafield>
      <datafield ind1=" " ind2=" " tag="020">
         <subfield code="a">9780553524277 (library bound hardcover)</subfield>
      </datafield>
      <datafield ind1=" " ind2=" " tag="020">
         <subfield code="a">0553524275 (library bound hardcover)</subfield>
      </datafield>
      <datafield ind1=" " ind2=" " tag="035">
         <subfield code="a">ocn909265777</subfield>
      </datafield>
      <datafield ind1=" " ind2=" " tag="039">
         <subfield code="a">exclude</subfield>
      </datafield>
      <datafield ind1=" " ind2=" " tag="040">
         <subfield code="a">DLC</subfield>
         <subfield code="b">eng</subfield>
         <subfield code="e">rda</subfield>
         <subfield code="c">DLC</subfield>
         <subfield code="d">OCLCO</subfield>
         <subfield code="d">IEP</subfield>
         <subfield code="d">OCLCO</subfield>
         <subfield code="d">JBL</subfield>
         <subfield code="d">UOK</subfield>
         <subfield code="d">AEU</subfield>
      </datafield>
      <datafield ind1=" " ind2=" " tag="042">
         <subfield code="a">lcac</subfield>
         <subfield code="a">pcc</subfield>
      </datafield>
      <datafield ind1="0" ind2="0" tag="050">
         <subfield code="a">PZ8.3.S477</subfield>
         <subfield code="b">Wf 2015</subfield>
      </datafield>
      <datafield ind1="0" ind2="4" tag="082">
         <subfield code="a">j813/.52</subfield>
         <subfield code="a">[E]</subfield>
         <subfield code="2">23</subfield>
      </datafield>
      <datafield ind1=" " ind2=" " tag="090">
         <subfield code="a">JUV SEU WHA 2015</subfield>
         <subfield code="b">AFMK</subfield>
      </datafield>
      <datafield ind1=" " ind2=" " tag="090">
         <subfield code="a">PZ8.3 .S49 W43 2015</subfield>
         <subfield code="b">AEGMCT</subfield>
      </datafield>
      <datafield ind1=" " ind2=" " tag="090">
         <subfield code="a">PZ 8.3 G31 Wf 2015</subfield>
         <subfield code="b">AEU</subfield>
      </datafield>
      <datafield ind1="1" ind2=" " tag="100">
         <subfield code="a">Seuss,</subfield>
         <subfield code="c">Dr.,</subfield>
         <subfield code="e">author,</subfield>
         <subfield code="e">illustrator.</subfield>
         <subfield code="0">http://id.loc.gov/authorities/names/n79053201</subfield>
         <subfield code="0">http://viaf.org/viaf/20959831</subfield>
      </datafield>
      <datafield ind1="1" ind2="0" tag="245">
         <subfield code="a">What pet should I get? /</subfield>
         <subfield code="c">by Dr. Seuss.</subfield>
      </datafield>
      <datafield ind1=" " ind2=" " tag="250">
         <subfield code="a">First edition.</subfield>
      </datafield>
      <datafield ind1=" " ind2="1" tag="264">
         <subfield code="a">New York :</subfield>
         <subfield code="b">Random House,</subfield>
         <subfield code="c">[2015]</subfield>
      </datafield>
      <datafield ind1=" " ind2="4" tag="264">
         <subfield code="c">©2015</subfield>
      </datafield>
      <datafield ind1=" " ind2=" " tag="300">
         <subfield code="a">1 volume (unpaged) :</subfield>
         <subfield code="b">illustrations (chiefly color) ;</subfield>
         <subfield code="c">29 cm</subfield>
      </datafield>
      <datafield ind1=" " ind2=" " tag="336">
         <subfield code="a">text</subfield>
         <subfield code="b">txt</subfield>
         <subfield code="2">rdacontent</subfield>
         <subfield code="0">http://id.loc.gov/vocabulary/contentTypes/txt</subfield>
      </datafield>
      <datafield ind1=" " ind2=" " tag="336">
         <subfield code="a">still image</subfield>
         <subfield code="b">sti</subfield>
         <subfield code="2">rdacontent</subfield>
         <subfield code="0">http://id.loc.gov/vocabulary/contentTypes/sti</subfield>
      </datafield>
      <datafield ind1=" " ind2=" " tag="337">
         <subfield code="a">unmediated</subfield>
         <subfield code="b">n</subfield>
         <subfield code="2">rdamedia</subfield>
         <subfield code="0">http://id.loc.gov/vocabulary/mediaTypes/n</subfield>
      </datafield>
      <datafield ind1=" " ind2=" " tag="338">
         <subfield code="a">volume</subfield>
         <subfield code="b">nc</subfield>
         <subfield code="2">rdacarrier</subfield>
         <subfield code="0">http://id.loc.gov/vocabulary/carriers/nc</subfield>
      </datafield>
      <datafield ind1=" " ind2=" " tag="520">
         <subfield code="a">A boy wants all of the pets in a pet store but he and his sister can choose only one. End notes discuss Dr. Seuss's pets, his creative process, and the discovery of the manuscript and illustrations for "What Pet Should I Get?"</subfield>
      </datafield>
      <datafield ind1=" " ind2=" " tag="590">
         <subfield code="a">University of Alberta copy in the Dr Andrea Deakin Collection of Children's Books.</subfield>
         <subfield code="5">CaAEU</subfield>
      </datafield>
      <datafield ind1=" " ind2=" " tag="596">
         <subfield code="a">8 29 38</subfield>
      </datafield>
      <datafield ind1=" " ind2="0" tag="650">
         <subfield code="a">Pets</subfield>
         <subfield code="v">Juvenile fiction.</subfield>
         <subfield code="0">http://id.loc.gov/authorities/subjects/sh2010105973</subfield>
      </datafield>
      <datafield ind1=" " ind2="0" tag="650">
         <subfield code="a">Choice (Psychology)</subfield>
         <subfield code="v">Juvenile fiction.</subfield>
      </datafield>
      <datafield ind1=" " ind2="0" tag="650">
         <subfield code="a">Decision making</subfield>
         <subfield code="v">Juvenile fiction.</subfield>
      </datafield>
      <datafield ind1=" " ind2="0" tag="655">
         <subfield code="a">Stories in rhyme.</subfield>
         <subfield code="2">lcgft</subfield>
         <subfield code="0">http://id.loc.gov/authorities/genreForms/gf2014026559</subfield>
      </datafield>
      <datafield ind1=" " ind2=" " tag="758">
         <subfield code="0">http://worldcat.org/entity/work/id/3857609835</subfield>
      </datafield>
      <datafield ind1="0" ind2=" " tag="787">
         <subfield code="n">OCLC Work Id</subfield>
         <subfield code="o">http://worldcat.org/entity/work/id/3857609835</subfield>
      </datafield>
      <datafield ind1=" " ind2=" " tag="949">
         <subfield code="a">PZ8.3 .S49 W43 2015</subfield>
         <subfield code="h">GMCT-JU-B</subfield>
         <subfield code="i">1007779372</subfield>
         <subfield code="p">20.54</subfield>
         <subfield code="k">AVAIL_SOON</subfield>
      </datafield>
      <datafield ind1=" " ind2=" " tag="926">
         <subfield code="a">PZ8.3 .S49 W43 2015</subfield>
         <subfield code="w">LC</subfield>
         <subfield code="c">1</subfield>
         <subfield code="i">1007779372</subfield>
         <subfield code="d">1/26/2017</subfield>
         <subfield code="e">7/11/2016</subfield>
         <subfield code="l">JUVENILE</subfield>
         <subfield code="m">GR_MACEWAN</subfield>
         <subfield code="n">9</subfield>
         <subfield code="p">$20.54</subfield>
         <subfield code="q">1</subfield>
         <subfield code="r">Y</subfield>
         <subfield code="s">Y</subfield>
         <subfield code="t">BOOK</subfield>
         <subfield code="u">7/28/2015</subfield>
      </datafield>
      <datafield ind1=" " ind2=" " tag="926">
         <subfield code="a">PZ 8.3 G31 Wf 2015</subfield>
         <subfield code="w">LC</subfield>
         <subfield code="c">1</subfield>
         <subfield code="i">0162037106968</subfield>
         <subfield code="l">ON_SHELF</subfield>
         <subfield code="m">UABARD</subfield>
         <subfield code="p">$150.00</subfield>
         <subfield code="r">Y</subfield>
         <subfield code="s">Y</subfield>
         <subfield code="t">NO_LOAN</subfield>
         <subfield code="u">8/3/2016</subfield>
         <subfield code="z">OCLC_COPY</subfield>
         <subfield code="o">.STAFF. B0021760</subfield>
      </datafield>
      <datafield ind1=" " ind2=" " tag="926">
         <subfield code="a">JUV SEU WHA 2015</subfield>
         <subfield code="w">LC</subfield>
         <subfield code="c">1</subfield>
         <subfield code="i">34917001380174</subfield>
         <subfield code="l">IN_PROCESS</subfield>
         <subfield code="m">KEYANO</subfield>
         <subfield code="p">$18.25</subfield>
         <subfield code="r">Y</subfield>
         <subfield code="s">Y</subfield>
         <subfield code="t">CURR_BOOK</subfield>
         <subfield code="u">3/15/2017</subfield>
         <subfield code="o">.STAFF. 11/9/2015 Midwest PO 50526</subfield>
      </datafield>
   </record>
</collection>
